@book{james2013introduction,
  title={An introduction to statistical learning},
  author={James, Gareth and Witten, Daniela and Hastie, Trevor and Tibshirani, Robert},
  volume={6},
  year={2013},
  publisher={Springer}
}

@book{friedman2001elements,
  title={The elements of statistical learning},
  author={Friedman, Jerome and Hastie, Trevor and Tibshirani, Robert},
  volume={1},
  year={2001},
  publisher={Springer series in statistics Springer, Berlin}
}

@book{murphy2012machine,
  title={Machine learning: a probabilistic perspective},
  author={Murphy, Kevin P},
  year={2012},
  publisher={MIT press}
}

@book{christopher2006pattern,
  title={Pattern recognition and machine learning},
  author={Christopher M.. Bishop},
  year={2006},
  publisher={Springer}
}

@book{nocedal2006numerical,
  title={Numerical Optimization, Second Edition},
  author={Nocedal, Jorge and Wright, Stephen J},
  year={2006},
  publisher={Springer New York}
}